<collection xmlns="http://www.loc.gov/MARC21/slim">
<record>
  <leader>01361nam0a22002771i 450 </leader>
  <controlfield tag="001">IT\ICCU\CNCE\061737</controlfield>
  <controlfield tag="005">20051011000000.0</controlfield>
  <datafield tag="012" ind1=" " ind2=" ">
    <subfield code="a">14r- 30he e.pi stl&apos; (3) 1600 (A)</subfield>
    <subfield code="2">fei</subfield>
  </datafield>
  <datafield tag="100" ind1=" " ind2=" ">
    <subfield code="a">20051010d1600        0itac0103    ba</subfield>
  </datafield>
  <datafield tag="101" ind1=" " ind2=" ">
    <subfield code="a">ITA</subfield>
  </datafield>
  <datafield tag="102" ind1=" " ind2=" ">
    <subfield code="a">IT</subfield>
  </datafield>
  <datafield tag="200" ind1="1" ind2=" ">
    <subfield code="a">Gio. Gerson. Dell&apos;imitatione di Christo, e del dispreggio del mondo. Diuiso in quattro libri. Aggiuntoui nel fine un breue modo di esaminare la conscienza mattina, e sera ...</subfield>
  </datafield>
  <datafield tag="210" ind1=" " ind2=" ">
    <subfield code="a">In Venetia</subfield>
    <subfield code="c">appresso gli heredi di Gio. Maria Leni</subfield>
    <subfield code="d">1600</subfield>
  </datafield>
  <datafield tag="215" ind1=" " ind2=" ">
    <subfield code="a">\16!, 333, \3! p.</subfield>
    <subfield code="c">ill.</subfield>
    <subfield code="d">12ʻ</subfield>
  </datafield>
  <datafield tag="300" ind1=" " ind2=" ">
    <subfield code="a">Opera di incerto autore, attribuita sia a Jean Charlier de Gerson sia a Thomas a Kempis</subfield>
  </datafield>
  <datafield tag="500" ind1="1" ind2="1">
    <subfield code="3">IT\ICCU\CNCE\016163</subfield>
    <subfield code="a">De imitatione Christi</subfield>
  </datafield>
  <datafield tag="620" ind1=" " ind2=" ">
    <subfield code="a">IT</subfield>
    <subfield code="d">Venezia</subfield>
  </datafield>
  <datafield tag="702" ind1=" " ind2="1">
    <subfield code="a">Gerson,</subfield>
    <subfield code="b">Jean Charlier : de</subfield>
    <subfield code="3">IT\ICCU\CNCA\001101</subfield>
  </datafield>
  <datafield tag="702" ind1=" " ind2="0">
    <subfield code="a">Thomas</subfield>
    <subfield code="c"> : a#Kempis</subfield>
    <subfield code="3">IT\ICCU\CNCA\008162</subfield>
  </datafield>
  <datafield tag="712" ind1="0" ind2="0">
    <subfield code="a">Leni, Giovanni Maria - eredi</subfield>
    <subfield code="3">IT\ICCU\CNCT\001540</subfield>
    <subfield code="4">650</subfield>
  </datafield>
  <datafield tag="790" ind1=" " ind2="1">
    <subfield code="a">Charlier De Gerson,</subfield>
    <subfield code="b">Jean</subfield>
    <subfield code="3">IT\ICCU\CNCA\007956</subfield>
    <subfield code="z">Gerson, Jean Charlier : de</subfield>
  </datafield>
  <datafield tag="790" ind1=" " ind2="1">
    <subfield code="a">Gerson,</subfield>
    <subfield code="b">Joannes</subfield>
    <subfield code="3">IT\ICCU\CNCA\014120</subfield>
    <subfield code="z">Gerson, Jean Charlier : de</subfield>
  </datafield>
  <datafield tag="790" ind1=" " ind2="1">
    <subfield code="a">Haemmerlein,</subfield>
    <subfield code="b">Thomas : a#Kempis</subfield>
    <subfield code="3">IT\ICCU\CNCA\014315</subfield>
    <subfield code="z">Thomas : a#Kempis</subfield>
  </datafield>
  <datafield tag="790" ind1=" " ind2="1">
    <subfield code="a">Kempis,</subfield>
    <subfield code="b">Thomas : a</subfield>
    <subfield code="3">IT\ICCU\CNCA\014553</subfield>
    <subfield code="z">Thomas : a#Kempis</subfield>
  </datafield>
  <datafield tag="801" ind1=" " ind2="3">
    <subfield code="a">IT</subfield>
    <subfield code="b">ICCU</subfield>
    <subfield code="c">20201115</subfield>
  </datafield>
  <datafield tag="899" ind1=" " ind2=" ">
    <subfield code="a">Biblioteca Porziuncola. Assisi</subfield>
    <subfield code="1">PG0179</subfield>
    <subfield code="2">UM1 36</subfield>
  </datafield>
</record>
</collection>
